<?xml version="1.0" encoding="UTF-8"?><collection xmlns="http://www.loc.gov/MARC21/slim"><record><leader>00516nam--2200181-i-4500</leader><controlfield tag="001">000017141</controlfield><controlfield tag="002">20161230</controlfield><controlfield tag="005">20170117235941</controlfield><controlfield tag="008">060222s1000------------r-----000-0-eng-d</controlfield><datafield ind1=" " ind2=" " tag="020"><subfield code="a">9971-950</subfield></datafield><datafield ind1=" " ind2=" " tag="080"><subfield code="a">539.12.162.8(061.3)</subfield></datafield><datafield ind1=" " ind2=" " tag="100"><subfield code="a">Kounnas, Costas M</subfield></datafield><datafield ind1=" " ind2=" " tag="245"><subfield code="a">Quark matter formation and heavy ion collisions</subfield></datafield><datafield ind1=" " ind2=" " tag="260"><subfield code="a">Singapore</subfield><subfield code="b">World Scientific Publishing</subfield><subfield code="c">1982</subfield></datafield><datafield ind1=" " ind2=" " tag="490"><subfield code="a">International School For Advanced Studies Lect</subfield></datafield><datafield ind1=" " ind2=" " tag="700"><subfield code="a">Satz, H</subfield></datafield><datafield ind1=" " ind2=" " tag="852"><subfield code="a">80109</subfield></datafield><datafield ind1=" " ind2=" " tag="CAT"><subfield code="a">SYS</subfield><subfield code="c">20170117</subfield><subfield code="h">235941</subfield></datafield></record></collection>